<record><leader>00000cas a22000007a 4500</leader><controlfield tag="001">10933146</controlfield><controlfield tag="008">840710d18661986iauwr ne      0    0eng d</controlfield><datafield ind1=" " ind2=" " tag="010"><subfield code="a">sn 84027165 </subfield></datafield><datafield ind1=" " ind2=" " tag="040"><subfield code="a">NPU</subfield><subfield code="b">eng</subfield><subfield code="c">NPU</subfield><subfield code="d">NPX</subfield><subfield code="d">INP</subfield><subfield code="d">NVF</subfield><subfield code="d">OCLCQ</subfield><subfield code="d">OCLCF</subfield><subfield code="d">OCLCO</subfield></datafield><datafield ind1="1" ind2=" " tag="029"><subfield code="a">AU@</subfield><subfield code="b">000020340137</subfield></datafield><datafield ind1=" " ind2=" " tag="042"><subfield code="a">msc</subfield></datafield><datafield ind1="0" ind2="0" tag="245"><subfield code="a">Independence conservative.</subfield></datafield><datafield ind1="3" ind2="0" tag="246"><subfield code="a">Conservative discussion extra</subfield></datafield><datafield ind1=" " ind2=" " tag="260"><subfield code="a">Independence, Buchanan County, Iowa :</subfield><subfield code="b">Barnhart Bros,</subfield><subfield code="c">1866-1986.</subfield></datafield><datafield ind1=" " ind2=" " tag="300"><subfield code="a">123 v. ;</subfield><subfield code="c">71 cm.</subfield></datafield><datafield ind1=" " ind2=" " tag="310"><subfield code="a">Weekly</subfield></datafield><datafield ind1="0" ind2=" " tag="362"><subfield code="a">Vol. 12, no. 13 (June 29, 1866)-v. 134, no. 22 (May 27, 1986).</subfield></datafield><datafield ind1=" " ind2=" " tag="500"><subfield code="a">Publisher: W. Barnhart, &lt;1875&gt;; publisher varies.</subfield></datafield><datafield ind1=" " ind2=" " tag="500"><subfield code="a">Issued an extra ed. called: Conservative discussion extra, Aug. 29, 1883.</subfield></datafield><datafield ind1=" " ind2=" " tag="515"><subfield code="a">Vol. 134, no. 1-22 repeated in numbering.</subfield></datafield><datafield ind1=" " ind2="0" tag="651"><subfield code="a">Independence (Iowa)</subfield><subfield code="v">Newspapers.</subfield></datafield><datafield ind1=" " ind2="7" tag="655"><subfield code="a">Newspapers.</subfield><subfield code="2">fast</subfield><subfield code="0">(OCoLC)fst01423814</subfield></datafield><datafield ind1=" " ind2="7" tag="651"><subfield code="a">Iowa</subfield><subfield code="z">Independence.</subfield><subfield code="2">fast</subfield><subfield code="0">(OCoLC)fst01227465</subfield></datafield><datafield ind1=" " ind2=" " tag="752"><subfield code="a">United States</subfield><subfield code="b">Iowa</subfield><subfield code="c">Buchanan</subfield><subfield code="d">Independence.</subfield></datafield><datafield ind1="0" ind2="0" tag="780"><subfield code="t">Independence weekly conservative</subfield><subfield code="w">(DLC)sn 87058360</subfield></datafield><datafield ind1="0" ind2="4" tag="785"><subfield code="t">Independence bulletin-journal (Independence, Iowa : 1973)</subfield><subfield code="w">(DLC)sn 88059518</subfield></datafield></record>